<record xmlns="http://www.loc.gov/MARC21/slim" xmlns:xsi="http://www.w3.org/2001/XMLSchema-instance" xsi:schemaLocation="http://www.loc.gov/MARC21/slim http://www.loc.gov/standards/marcxml/schema/MARC21slim.xsd"><leader>01339nam a2200301   4500</leader><controlfield tag="001">001680182</controlfield><controlfield tag="003">NNU</controlfield><controlfield tag="006">m        d        </controlfield><controlfield tag="007">cr cn |||m|||a</controlfield><controlfield tag="008">150116m18839999le      o     000 1 ara</controlfield><datafield ind1=" " ind2=" " tag="040"><subfield code="a">NNU</subfield><subfield code="b">eng</subfield><subfield code="c">NNU</subfield></datafield><datafield ind1=" " ind2=" " tag="050"><subfield code="a">PJ7601</subfield><subfield code="b">.B4</subfield></datafield><datafield ind1="0" ind2="0" tag="245"><subfield code="a">Nukhab al-mula&#7717;</subfield><subfield code="h">[electronic resource] /</subfield><subfield code="c">jama&#699;aha Yu&#7717;ann&#257; Bil&#363; wa-Agh&#363;st&#299;n&#363;s R&#363;dih.</subfield></datafield><datafield ind1=" " ind2=" " tag="260"><subfield code="a">Bayr&#363;t :</subfield><subfield code="b">al-Ma&#7789;ba&#699;ah al-K&#257;th&#363;l&#299;k&#299;yah lil-&#256;b&#257;' al-Yas&#363;&#699;&#299;y&#299;n,</subfield><subfield code="c">1883-</subfield></datafield><datafield ind1=" " ind2=" " tag="300"><subfield code="a">online resource (v. in)</subfield></datafield><datafield ind1=" " ind2=" " tag="500"><subfield code="a">Vol. 1, pt. 2, 1883: Tab&#699;ah 7.</subfield></datafield><datafield ind1=" " ind2=" " tag="500"><subfield code="a">Part of the Arabic Collections Online (ACO) project, contributed by New York Univeristy Libraries.</subfield></datafield><datafield ind1="0" ind2=" " tag="505"><subfield code="a">v. 1. Pt. 1. &#7716;ik&#257;y&#257;t adab&#299;yah -- Pt. 2. &#7716;ik&#257;y&#257;t adab&#299;yah wa-naw&#257;dir &#7717;ikam&#299;yah wa-&#7717;aw&#257;dith t&#257;r&#299;kh&#299;yah --</subfield></datafield><datafield ind1=" " ind2=" " tag="533"><subfield code="a">Electronic reproduction.</subfield><subfield code="b">New York, N.Y. :</subfield><subfield code="c">New York University,</subfield><subfield code="d">2015.</subfield><subfield code="5">NNU</subfield></datafield><datafield ind1=" " ind2="0" tag="650"><subfield code="a">Arabic literature.</subfield></datafield><datafield ind1="1" ind2=" " tag="700"><subfield code="a">Belot, J. B.</subfield><subfield code="q">(Jean Baptiste),</subfield><subfield code="d">1822-1904.</subfield></datafield><datafield ind1="1" ind2=" " tag="700"><subfield code="a">R&#363;dah, Aghust&#299;n&#363;s.</subfield></datafield><datafield ind1="2" ind2=" " tag="710"><subfield code="a">New York University.</subfield><subfield code="b">Libraries.</subfield></datafield><datafield ind1="0" ind2=" " tag="730"><subfield code="a">Arabic Collections Online.</subfield></datafield><datafield ind1="0" ind2="8" tag="776"><subfield code="i">Print version:</subfield><subfield code="t">Nukhab al-mula&#7717;</subfield><subfield code="w">(NNU)001680182</subfield><subfield code="w">(DLC)59036685</subfield></datafield><datafield ind1="4" ind2="0" tag="856"><subfield code="u">http://hdl.handle.net/2333.1/vdncjw9g</subfield></datafield><datafield ind1=" " ind2=" " tag="959"><subfield code="a">NNU</subfield><subfield code="b">WEB</subfield><subfield code="c">GENI</subfield><subfield code="t">0</subfield><subfield code="m">Electronic access</subfield><subfield code="s">01</subfield></datafield><datafield ind1=" " ind2=" " tag="999"><subfield code="i">NNU_001680182</subfield><subfield code="o" /><subfield code="e">(ERROR-880)</subfield></datafield></record>